% Plačiau apie šaltinių tipus ir jų atributus:
% http://mirror.datacenter.by/pub/mirrors/CTAN/macros/latex/contrib/biblatex/doc/biblatex.pdf#subsection.2.1

% Pastaba dėl puslapių intervalo nurodymo: nesvarbu, ar naudosime '-', ar '--',
% tai bus paversta tuo pačiu simboliu (brūkšniu)

% Autorių vardai automatiškai paverčiami pirmosiomis raidėmis,
% o pavardės paliekamos, todėl vardus galima pateikti bet kuriuos būdu:
% Vardas Pavardė arba Pavardė, Vardas arba V. Pavardė

@book{HPCPP,
    author = {B. Andrist and V. Sehr},
    title = {C++ High Performance, 2nd edition},
    publisher = {Packt Publishing},
    year = {2020},
    note = {140-145 pages},
    langid = {english},
}

@book{HandsOnCPP,
    author = {F. G. Pikus},
    title = {Hands-On Design Patterns with C++, 2nd edition},
    publisher = {Packt Publishing},
    year = {2023},
    note = {550-556 pages},
    langid = {english},
}

@book{DSACPP,
    author = {J. Farrier},
    title = {Data Structures and Algorithms with the C++ STL},
    publisher = {Packt Publishing},
    year = {2024},
    note = {390-400 pages},
    langid = {english},
}

@book{CookCPP,
    author = {Marius Bancila},
    title = {Modern C++ Programming Cookbook, 3rd edition},
    publisher = {Packt Publishing},
    year = {2024},
    note = {758-766 pages},
    langid = {english},
}

@online{CoroHALO,
    author = {R. Smith and G. Nishanov},
    title = {Halo: coroutine Heap Allocation eLision Optimization: the joint response},
    url = {https://www.open-std.org/jtc1/sc22/wg21/docs/papers/2018/p0981r0.html},
    year = {2018},
    urldate = {2025-01-15},
    langid = {english},
}

@online{P2996,
    author = {W. Childers and P. Dimov and D. Katz and B. Revzin and A. Sutton and F. Vali and D. Vandevoorde},
    title = {Reflection for C++26},
    url = {https://www.open-std.org/jtc1/sc22/wg21/docs/papers/2024/p2996r8.html},
    year = {2024},
    urldate = {2024-12-21},
    langid = {english},
}

@online{P3294,
    author = {A. Alexandrescu, NVIDIA and Barry Revzin and D. Vandevoorde},
    title = {Code Injection with Token Sequences},
    url = {https://www.open-std.org/jtc1/sc22/wg21/docs/papers/2024/p3294r2.html},
    year = {2024},
    urldate = {2024-12-21},
    langid = {english},
}

@online{CoroutineTheory,
    author = {Lewis Baker},
    title = {Coroutine Theory},
    url = {https://lewissbaker.github.io/2017/09/25/coroutine-theory},
    year = {2017},
    urldate = {2024-12-22},
    langid = {english},
}

@online{RustReference,
    author = {Eric Huss},
    title = {The Rust Reference},
    url = {https://doc.rust-lang.org/stable/reference/items/enumerations.html},
    year = {2024},
    urldate = {2024-12-22},
    langid = {english},
}

% FIXME: youtube link'as turbut nelabai gerai
@unpublished{C++Views,
  author = {Nico Josuttis},
  title = {C++ Standard Views},
  year = {2023},
  note = {ACCU 2023},
  url = {https://www.youtube.com/watch?v=qv29fo9sUjY}
}

@unpublished{Nanocoro,
  author = {Gor Nishanov},
  title = {Memory Latency Troubles You? Nano-coroutines to the Rescue! (Using Coroutines TS, of Course)},
  year = {2018},
  note = {CppCon 2018},
  url = {https://www.youtube.com/watch?v=j9tlJAqMV7U}
}

% @article{PvzStraipsnLt,
%     author = {Antanas Pavardenis and Pavardonis, Benas and C. Pavardauskas},
%     title = {Straipsnio pavadinimas},
%     journal = {Žurnalo pavadinimas},
%     year = {2001},
%     volume = {IV},
%     pages = {8-17},
% }

% @article{PvzStraipsnEn,
%     author = {A. Surname and B. Tsurname and Usurname, Cynthia},
%     title = {Article Title},
%     journal = {Journal Title},
%     year = {2001},
%     volume = {IV},
%     pages = {3-15},
%     langid = {english},
% }

% Jei norima apsaugoti, kad nepaverstų inicialais autoriaus (arba tiesiog kažko nepakeistų)
% (pvz. jei autorius yra organizacija), apskliaudžiame tą vietą riestiniais skliaustais.
% @article{PvzStraipsnLta,
%     author = {{Organizacijos Pavadinimas}},
%     title = {Kodėl abėcėlė vadinasi {ABC}, o ne {DEF}?},
%     journal = {Žurnalas},
%     year = {2000},
%     volume = {I},
%     pages = {1--20},
% }

% @inproceedings{PvzKonfLt,
%     author = {A. Pavardenis and B. Pavardonis and C. Pavardauskas and D.
%               Pavardinskas},
%     title = {Straipsnio pavadinimas},
%     booktitle = {Rinkinio pavadinimas},
%     year = {2002},
%     publisher = {Leidykla},
%     address = {Miestas, šalis},
%     pages = {3-15},
% }

% @inproceedings{PvzKonfEn,
%     author = {A. Surname and B. Tsurname and C. Usurname and D. Vsurname},
%     title = {Article title},
%     booktitle = {Conference book title},
%     year = {2002},
%     publisher = {Publisher},
%     address = {City, country},
%     pages = {3-15},
%     langid = {english},
% }

% % 172 psl. reiškia, kiek knygoje yra puslapių
% @book{PvzKnygLt,
%     author = {A. Pavardenis and B. Pavardonis and C. Pavardauskas},
%     title = {Knygos pavadinimas},
%     publisher = {Leidykla},
%     year = {2003},
%     address = {Miestas, šalis},
%     note = {172 psl.},
% }

% @book{PvzKnygEn,
%     author = {A. Surname and B. Tsurname and C. Usurname},
%     title = {Book title},
%     publisher = {Publisher},
%     year = {2003},
%     address = {City, country},
%     note = {172 psl.},
%     langid = {english},
% }

% urldate laukas nurodo, kada šaltinis buvo žiūrėtas
% @online{PvzElPubLt,
%     author = {A. Pavardenis and B. Pavardonis and C. Šavardauskas},
%     title = {Elektroninės publikacijos pavadinimas},
%     url = {https://example.com/kelias/iki/straipsnio},
%     year = {2004},
%     urldate = {2015-02-01},
% }

% @online{PvzElPubEn,
%     author = {A. Surname and B. Tsurname and C. Usurname},
%     title = {Online Source Title},
%     url = {https://example.com/path/to/the/article},
%     year = {2004},
%     urldate = {2015-02-01},
%     langid = {english},
% }

% % Bakalauro darbo citavimas. Panaudojame thesis ir nurodome type={bathesis}
% @thesis{PvzBakLt,
%     author = {A. Pavardonis},
%     title = {Bakalauro darbo pavadinimas},
%     school = {Universiteto pavadinimas},
%     type = {bathesis},
%     address = {Vilnius},
%     year = {2005},
% }

% @mastersthesis{PvzMagistrLt,
%     author = {A. Pavardonis},
%     title = {Magistrinio darbo pavadinimas},
%     school = {Universiteto pavadinimas},
%     year = {2005},
% }

% @phdthesis{PvzPhdEn,
%     author = {A. Surname},
%     title = {Title of PhD thesis},
%     school = {Title of university},
%     address = {London},
%     year = {2005},
%     langid = {english},
% }
